@article{hayman2008evidence,
  title={Evidence of henipavirus infection in West African fruit bats},
  author={Hayman, David TS and Suu-Ire, Richard and Breed, Andrew C and McEachern, Jennifer A and Wang, Linfa and Wood, James LN and Cunningham, Andrew A},
  journal={PLoS One},
  volume={3},
  number={7},
  pages={e2739},
  year={2008},
  publisher={Public Library of Science}
}

@article{hayman2008antibodies,
  title={Antibodies against Lagos bat virus in megachiroptera from West Africa},
  author={Hayman, David TS and Fooks, Anthony R and Horton, Daniel and Suu-Ire, Richard and Breed, Andrew C and Cunningham, Andrew A and Wood, James LN},
  journal={Emerging infectious diseases},
  volume={14},
  number={6},
  pages={926},
  year={2008},
  publisher={Centers for Disease Control}
}

@article{hayman2010long,
  title={Long-term survival of an urban fruit bat seropositive for Ebola and Lagos bat viruses},
  author={Hayman, David TS and Emmerich, Petra and Yu, Meng and Wang, Lin-Fa and Suu-Ire, Richard and Fooks, Anthony R and Cunningham, Andrew A and Wood, James LN},
  journal={PLoS One},
  volume={5},
  number={8},
  pages={e11978},
  year={2010},
  publisher={Public Library of Science}
}

@incollection{breed2009disease,
  title={Disease management in endangered mammals},
  author={Breed, Andrew C and Plowright, Raina K and Hayman, David TS and Knobel, Darryn L and Molenaar, Fieke M and Gardner--Roberts, David and Cleaveland, Sarah and Haydon, Dan T and Kock, Richard A and Cunningham, Andrew A and others},
  booktitle={Management of disease in wild mammals},
  pages={215--239},
  year={2009},
  publisher={Springer Japan}
}

@article{banyard2011bats,
  title={Bats and lyssaviruses},
  author={Banyard, Ashley C and Hayman, David and Johnson, Nicholas and McElhinney, Lorraine and Fooks, Anthony R},
  journal={Advances in Virus Research},
  volume={79},
  pages={239--289},
  year={2011},
  publisher={Academic Press}
}

@article{wright2010virus,
  title={Virus neutralising activity of African fruit bat (Eidolon helvum) sera against emerging lyssaviruses},
  author={Wright, Edward and Hayman, David TS and Vaughan, Aisling and Temperton, Nigel J and Wood, James LN and Cunningham, Andrew A and Suu-Ire, Richard and Weiss, Robin A and Fooks, Anthony R},
  journal={Virology},
  volume={408},
  number={2},
  pages={183--189},
  year={2010},
  publisher={Elsevier}
}

@article{hayman2011evolutionary,
  title={Evolutionary history of rabies in Ghana},
  author={Hayman, David TS and Johnson, Nicholas and Horton, Daniel L and Hedge, Jessica and Wakeley, Philip R and Banyard, Ashley C and Zhang, Shoufeng and Alhassan, Andy and Fooks, Anthony R},
  journal={PLoS neglected tropical diseases},
  volume={5},
  number={4},
  pages={e1001},
  year={2011},
  publisher={Public Library of Science}
}

@article{hayman2011antibodies,
  title={Antibodies to henipavirus or henipa-like viruses in domestic pigs in Ghana, West Africa},
  author={Hayman, David TS and Wang, Lin-Fa and Barr, Jennifer and Baker, Kate S and Suu-Ire, Richard and Broder, Christopher C and Cunningham, Andrew A and Wood, James LN},
  journal={PLoS One},
  volume={6},
  number={9},
  pages={e25256},
  year={2011},
  publisher={Public Library of Science}
}

@article{kamins2011uncovering,
  title={Uncovering the fruit bat bushmeat commodity chain and the true extent of fruit bat hunting in Ghana, West Africa},
  author={Kamins, AO and Restif, O and Ntiamoa-Baidu, Y and Suu-Ire, R and Hayman, DTS and Cunningham, AA and Wood, JLN and Rowcliffe, JM},
  journal={Biological conservation},
  volume={144},
  number={12},
  pages={3000--3008},
  year={2011},
  publisher={Elsevier}
}

@article{hayman2011universal,
  title={A universal real-time assay for the detection of Lyssaviruses},
  author={Hayman, David TS and Banyard, Ashley C and Wakeley, Philip R and Harkess, Graeme and Marston, Denise and Wood, James LN and Cunningham, Andrew A and Fooks, Anthony R},
  journal={Journal of virological methods},
  volume={177},
  number={1},
  pages={87--93},
  year={2011},
  publisher={Elsevier}
}

@article{kosoy2012bartonella,
  title={Bartonella bacteria in nature: where does population variability end and a species start?},
  author={Kosoy, Michael and Hayman, David TS and Chan, Kung-Sik},
  journal={Infection, Genetics and Evolution},
  volume={12},
  number={5},
  pages={894--904},
  year={2012},
  publisher={Elsevier}
}

@article{billeter2012bartonella,
  title={Bartonella species in bat flies (Diptera: Nycteribiidae) from western Africa},
  author={Billeter, SA and Hayman, DTS and Peel, AJ and Baker, K and Wood, JLN and Cunningham, A and Suu-Ire, R and Dittmar, K and Kosoy, MY},
  journal={Parasitology},
  volume={139},
  number={03},
  pages={324--329},
  year={2012},
  publisher={Cambridge University Press}
}

@article{hayman2011wildlife,
  title={Wildlife Zoonoses},
  author={Hayman, DTS},
  journal={Epidemiol S2},
  volume={1},
  pages={2161--1165},
  year={2011}
}

@article{hayman2012endemic,
  title={Endemic Lagos bat virus infection in Eidolon helvum},
  author={Hayman, DTS and Fooks, AR and Rowcliffe, JM and McCrea, R and Restif, O and Baker, KS and Horton, DL and Suu-Ire, R and Cunningham, AA and Wood, JLN},
  journal={Epidemiology and infection},
  volume={140},
  number={12},
  pages={2163--2171},
  year={2012},
  publisher={Cambridge University Press}
}

@article{peel2012henipavirus,
  title={Henipavirus neutralising antibodies in an isolated island population of African fruit bats},
  author={Peel, Alison J and Baker, Kate S and Crameri, Gary and Barr, Jennifer A and Hayman, David TS and Wright, Edward and Broder, Christopher C and Fern{\'a}ndez-Loras, Andr{\'e}s and Fooks, Anthony R and Wang, Lin-Fa and others},
  journal={PloS one},
  volume={7},
  number={1},
  pages={e30346},
  year={2012},
  publisher={Public Library of Science}
}

@article{hayman2010successful,
  title={Successful treatment of acute systemic anaphylaxis in a western lowland gorilla (Gorilla gorilla gorilla)},
  author={Hayman, David TS and King, Tony and Cameron, Kenneth},
  journal={Journal of Zoo and Wildlife Medicine},
  volume={41},
  number={3},
  pages={522--525},
  year={2010}
}

@article{hayman2012ebola,
  title={Ebola virus antibodies in fruit bats, ghana, west Africa.},
  author={Hayman, DT and Yu, M and Crameri, G and Wang, LF and Suu-Ire, R and Wood, JL and Cunningham, AA},
  journal={Emerging infectious diseases},
  volume={18},
  number={7},
  pages={1207},
  year={2012}
}

@article{restif2012model,
  title={Model-guided fieldwork: practical guidelines for multidisciplinary research on wildlife ecological and epidemiological dynamics},
  author={Restif, Olivier and Hayman, David TS and Pulliam, Juliet RC and Plowright, Raina K and George, Dylan B and Luis, Angela D and Cunningham, Andrew A and Bowen, Richard A and Fooks, Anthony R and O'Shea, Thomas J and others},
  journal={Ecology letters},
  volume={15},
  number={10},
  pages={1083--1094},
  year={2012}
}

@article{hayman2013ecology,
  title={Ecology of zoonotic infectious diseases in bats: current knowledge and future directions},
  author={Hayman, DTS and Bowen, RA and Cryan, PM and McCracken, Gary F and Oâ€™Shea, TJ and Peel, AJ and Gilbert, A and Webb, CT and Wood, JLN},
  journal={Zoonoses and public health},
  volume={60},
  number={1},
  pages={2--21},
  year={2013},
  publisher={Blackwell Publishing Ltd}
}

@article{wood2012framework,
  title={A framework for the study of zoonotic disease emergence and its drivers: spillover of bat pathogens as a case study},
  author={Wood, James LN and Leach, Melissa and Waldman, Linda and MacGregor, Hayley and Fooks, Anthony R and Jones, Kate E and Restif, Olivier and Dechmann, Dina and Hayman, David TS and Baker, Kate S and others},
  journal={Philosophical Transactions of the Royal Society B: Biological Sciences},
  volume={367},
  number={1604},
  pages={2881--2892},
  year={2012},
  publisher={The Royal Society}
}

@article{hayman2012demography,
  title={Demography of straw-colored fruit bats in Ghana},
  author={Hayman, David TS and McCrea, Rachel and Restif, Olivier and Suu-Ire, Richard and Fooks, Anthony R and Wood, James LN and Cunningham, Andrew A and Rowcliffe, J Marcus},
  journal={Journal of mammalogy},
  volume={93},
  number={5},
  pages={1393--1404},
  year={2012},
  publisher={American Society of Mammalogists}
}

@article{baker2013novel,
  title={Novel, potentially zoonotic paramyxoviruses from the African straw-colored fruit bat Eidolon helvum},
  author={Baker, Kate S and Todd, Shawn and Marsh, Glenn A and Crameri, Gary and Barr, Jennifer and Kamins, Alexandra O and Peel, Alison J and Yu, Meng and Hayman, David TS and Nadjm, Behzad and others},
  journal={Journal of virology},
  volume={87},
  number={3},
  pages={1348--1358},
  year={2013},
  publisher={American Society for Microbiology}
}

@incollection{hayman2013application,
  title={The Application of One Health Approaches to Henipavirus Research},
  author={Hayman, David TS and Gurley, Emily S and Pulliam, Juliet RC and Field, Hume E},
  booktitle={One Health: The Human-Animal-Environment Interfaces in Emerging Infectious Diseases},
  pages={155--170},
  year={2013},
  publisher={Springer Berlin Heidelberg}
}

@article{luis2013comparison,
  title={A comparison of bats and rodents as reservoirs of zoonotic viruses: are bats special?},
  author={Luis, Angela D and Hayman, David TS and O'Shea, Thomas J and Cryan, Paul M and Gilbert, Amy T and Pulliam, Juliet RC and Mills, James N and Timonin, Mary E and Willis, Craig KR and Cunningham, Andrew A and others},
  journal={Proceedings of the Royal Society B: Biological Sciences},
  volume={280},
  number={1756},
  pages={20122753},
  year={2013},
  publisher={The Royal Society}
}

@article{peel2013use,
  title={Use of cross-reactive serological assays for detecting novel pathogens in wildlife: Assessing an appropriate cutoff for henipavirus assays in African bats},
  author={Peel, Alison J and McKinley, Trevelyan J and Baker, Kate S and Barr, Jennifer A and Crameri, Gary and Hayman, David TS and Feng, Yan-Ru and Broder, Christopher C and Wang, Lin-Fa and Cunningham, Andrew A and others},
  journal={Journal of virological methods},
  volume={193},
  number={2},
  pages={295--303},
  year={2013},
  publisher={Elsevier}
}

@article{hayman2013evolutionary,
  title={Evolutionary history of rat-borne Bartonella: the importance of commensal rats in the dissemination of bacterial infections globally},
  author={Hayman, David TS and McDonald, Katherine D and Kosoy, Michael Y},
  journal={Ecology and evolution},
  volume={3},
  number={10},
  pages={3195--3203},
  year={2013}
}

@article{gilbert2013deciphering,
  title={Deciphering serology to understand the ecology of infectious diseases in wildlife},
  author={Gilbert, Amy T and Fooks, Anthony R and Hayman, David TS and Horton, Daniel L and M{\"u}ller, Thomas and Plowright, Raina and Peel, Alison J and Bowen, Richard and Wood, James LN and Mills, James and others},
  journal={Ecohealth},
  volume={10},
  number={3},
  pages={298--313},
  year={2013},
  publisher={Springer US}
}

@article{baker2014viral,
  title={Viral antibody dynamics in a chiropteran host},
  author={Baker, Kate S and Suu-Ire, Richard and Barr, Jennifer and Hayman, David TS and Broder, Christopher C and Horton, Daniel L and Durrant, Christopher and Murcia, Pablo R and Cunningham, Andrew A and Wood, James LN},
  journal={Journal of Animal Ecology},
  volume={83},
  number={2},
  pages={415--428},
  year={2014}
}

@article{peel2013continent,
  title={Continent-wide panmixia of an African fruit bat facilitates transmission of potentially zoonotic viruses},
  author={Peel, Alison J and Sargan, David R and Baker, Kate S and Hayman, David TS and Barr, Jennifer A and Crameri, Gary and Suu-Ire, Richard and Broder, Christopher C and Lembo, Tiziana and Wang, Lin-Fa and others},
  journal={Nature communications},
  volume={4},
  year={2013},
  publisher={Nature Publishing Group}
}

@incollection{hayman2013animal,
  title={Nipah Virus},
  author={Hayman, David TS and Johnson, Nicholas},
  booktitle={The Role of Animals in Emerging Viral Diseases}, 
pages={293--307},
year={2013},
  publisher={Academic Press}
}

@article{o2014bat,
  title={Bat Flight and Zoonotic Viruses},
  author={O'Shea, Thomas J and Cryan, Paul M and Cunningham, Andrew A and Fooks, Anthony R and Hayman, David TS and Luis, Angela D and Peel, Alison J and Plowright, Raina K and Wood, James LN},
  journal={Emerging infectious diseases},
  volume={20},
  number={5},
  pages={741},
  year={2014},
  publisher={Centers for Disease Control and Prevention}
}

@article{olival2014filoviruses,
  title={Filoviruses in bats: current knowledge and future directions},
  author={Olival, Kevin J and Hayman, David TS},
  journal={Viruses},
  volume={6},
  number={4},
  pages={1759--1788},
  year={2014},
  publisher={Multidisciplinary Digital Publishing Institute}
}

@article{banyard2013bat,
  title={Bat rabies},
  author={Banyard, AC and Hayman, D and Freuling, CM and M{\"u}ller, T and Fooks, AR and Johnson, N},
  journal={Rabies: Scientific Basis of the Disease and Its Management},
  pages={215--67},
  year={2013},
  publisher={Academic Press New York, NY}
}

@article{peel2014effect,
  title={The effect of seasonal birth pulses on pathogen persistence in wild mammal populations},
  author={Peel, AJ and Pulliam, JRC and Luis, AD and Plowright, RK and O'Shea, TJ and Hayman, DTS and Wood, JLN and Webb, CT and Restif, O},
  journal={Proceedings of the Royal Society B: Biological Sciences},
  volume={281},
  number={1786},
  pages={20132962},
  year={2014},
  publisher={The Royal Society}
}

@article{haymanLyssa,
  title={Evolutionary origins of lyssaviruses},
  author={Hayman, David TS and Fooks, Anthony R},
 journal={In Preparation}
}

@article{baiBart,
  title={Classification of Bartonella strains associated with straw-colored fruit bats across Africa using multi-locus sequence typing platform},
  author={Bay, Ying and Kosoy, Michael K and Hayman, David TS and McKee, Clifton},
 journal={In Preparation}
}

@article{haymanLBV,
  title={Host and viral ecology determine lyssavirus ecology in a common tropical bat species},
  author={Hayman, David TS and Luis, Angela D and Restif, Olivier and Fooks, Anthony R and Baker, Kate S and Suu-Ire, Richard and Horton, Daniel L and Cunningham, Andrew A and Wood, James LN and Webb, Colleen T},
 journal={In Preparation}
}

@article{haymanVideo,
  title={Video surveillance and analyses reveal arousal patterns of hibernating bats},
  author={Hayman, David TS and Cryan, Paul M and Fricker, Paul and Dannemiller, Nick and Johnson, Scott and Castle, Kevin T and and  Boyles, Justin and McCracken, Gary and Coleman, Jeremy},
 journal={In Preparation}
}

@article{haymanWNS,
  title={Environmental conditions inside winter hibernation sites predict white-nose syndrome mortality in bats},
  author={Hayman, David TS and Cryan, Paul M andPulliam, Juliet RC and Marshall, Jonathan C and Webb, Colleen T},
 journal={In Preparation}
}

@article{haymanArena,
  title={Predicting the diversity of rodent-borne Arenaviruses and Hantaviruses},
  author={Hayman, David TS and Luis, Angela D and Mills, James N},
 journal={In Preparation}
}


@article{haymanBP,
  title={Biannual birth pulses allow filoviruses to persist in bat populations, Proceedings of the Royal Society B},
  author={Hayman, David TS},
  journal={In Review: Proceedings of the Royal Society B: Biological Sciences}
}

@article{cryanTurbine,
  title={Tree bats use air currents and visual cues when approaching wind turbines},
  author={Cryan, PM and Gorresen, PM and Hein, CD and Schirmacher, M and Diehl, R and Huso, M and Hayman, DTS and Fricker, P and Bonaccorso, F and Johnston, D and Heist, K and Dalton D},
  journal={In Review: Proceedings of the National Academy of Sciences}
}

@article{pepinDENV,
  title={Can within-city dynamics of dengue fever be predicted from high-resolution mosquito surveillance data?},
  author={Pepin, KM and Leach, CB and Marques-Toledo, C and Laass, KH and Paixao, KS and Luis, AD and Hayman, DTS and Johnson, N and Buhnerkempe, M and Carver, S and Grear, D and Tsao, K and Eiras, AE and Webb, CT},
  journal={In Review: PLoS Neglected Tropical Diseases}
}

@article{luisNetwork,
  title={The Network Structure of Host-Virus Communities in Bats and Rodents},
  author={Luis, Angela D and O'Shea, Thomas J and Hayman, David TS and Wood, James LN and Gilbert, Amy T and Mills, James N and Cunningham, Andrew A and Webb, Colleen T},
  journal={In Review: Proceedings of the National Academy of Sciences}
} 